@article{uoft,
  author =       "Ruxandra Serbanescu",
  title =        "{Pendulum Project}",
  journal =      "PHY324 Labs",
  year =         "2013",
}



@article{uncertainty,
    author =    "Wikipedia",
    title =     "{Propagation of Uncertainties}",
    journal =   "Wikipedia",
    year =      "2023",
}


@article{drag,
    author =    "Lumen Learning",
    title =     "{Drag Forces}",
    journal =   "ER Services",
    year =      "2009",
}



@article{tracker,
    author =    "Tracker",
    title =     "{Tracker: Video Analysis and Modelling Tool}",
    journal =   "https://physlets.org/tracker/",
    year =      "2009",
}



